@article{knuthgoto,
author = {Knuth, Donald E.},
title = {Structured Programming with go to Statements},
year = {1974},
issue_date = {Dec. 1974},
publisher = {Association for Computing Machinery},
address = {New York, NY, USA},
volume = {6},
number = {4},
issn = {0360-0300},
url = {https://doi.org/10.1145/356635.356640},
doi = {10.1145/356635.356640},
journal = {ACM Comput. Surv.},
month = {dec},
pages = {261â€“301},
numpages = {41}
}

