
@article{BruijnIndex2021,
  title = {De {{Bruijn}} Index},
  year = {2021},
  month = aug,
  journal = {Wikipedia},
  copyright = {Creative Commons Attribution-ShareAlike License},
  annotation = {Page Version ID: 1039440742}
}


