@book{hopcroft06,
  author = {Hopcroft, John E. and Motwani, Rajeev and Ullman, Jeffrey D.},
  title = {Introduction to Automata Theory, Languages, and Computation (3rd Edition)},
  year = {2006},
  isbn = {0321455363},
  publisher = {Addison-Wesley Longman Publishing Co., Inc.},
  address = {USA}
}