@article{joot,
  title = {Cramerâ€™s rule},
  author = {Peeter Joot},
  url = {http://peeterjoot.com/archives/geometric-algebra/ga_wiki_cramers.pdf},
}