
@article{aharonovSimpleProofThat2003,
  title = {A {{Simple Proof}} That {{Toffoli}} and {{Hadamard}} Are {{Quantum Universal}}},
  author = {Aharonov, Dorit},
  year = {2003},
  month = jan,
  journal = {arXiv:quant-ph/0301040},
  eprint = {quant-ph/0301040},
  eprinttype = {arxiv},
  archiveprefix = {arXiv},
  keywords = {Quantum Physics}
}


