@article{jacobs_paradoxes_2021,
  title = {Paradoxes of probabilistic programming: and how to condition on events of measure zero with infinitesimal probabilities},
  volume = {5},
  shorttitle = {Paradoxes of probabilistic programming},
  url = {https://doi.org/10.1145/3434339},
  doi = {10.1145/3434339},
  number = {POPL},
  urldate = {2021-01-11},
  journal = {Proceedings of the ACM on Programming Languages},
  author = {Jacobs, Jules},
  month = jan,
  year = {2021},
  keywords = {probabilistic programming},
  pages = {58:1--58:26},
}