@inbook{Rote2001,
  author="Rote, Gunter",
  title="Division-Free Algorithms for the Determinant and the Pfaffian: Algebraic and Combinatorial Approaches",
  bookTitle="Computational Discrete Mathematics: Advanced Lectures",
  year="2001",
  publisher="Springer Berlin Heidelberg",
  pages="119--135",
  isbn="978-3-540-45506-6",
  doi="10.1007/3-540-45506-X_9",
  url="https://doi.org/10.1007/3-540-45506-X_9"
}

